<?xml version="1.0" encoding="UTF-8"?>
<marc:collection xmlns:marc="http://www.loc.gov/MARC21/slim" xmlns:xsi="http://www.w3.org/2001/XMLSchema-instance" xsi:schemaLocation="http://www.loc.gov/MARC21/slim http://www.loc.gov/standards/marcxml/schema/MARC21slim.xsd">
   <marc:record type="Bibliographic">
      <marc:leader>01065cam a2200313 a 4500</marc:leader>
      <marc:controlfield tag="001">4177431</marc:controlfield>
      <marc:controlfield tag="003">NjP</marc:controlfield>
      <marc:controlfield tag="005">20150116144023.0</marc:controlfield>
      <marc:controlfield tag="008">040528m18849999le            000 0 ara d</marc:controlfield>
      <marc:datafield tag="024" ind1="7" ind2=" ">
         <marc:subfield code="a">princeton_aco000658</marc:subfield>
         <marc:subfield code="2">local</marc:subfield>
      </marc:datafield>
      <marc:datafield tag="035" ind1=" " ind2=" ">
         <marc:subfield code="a">(OCoLC)ocn179682633</marc:subfield>
      </marc:datafield>
      <marc:datafield tag="035" ind1=" " ind2=" ">
         <marc:subfield code="a">(OCoLC)179682633</marc:subfield>
      </marc:datafield>
      <marc:datafield tag="035" ind1=" " ind2=" ">
         <marc:subfield code="a">(NjP)4177431</marc:subfield>
      </marc:datafield>
      <marc:datafield tag="040" ind1=" " ind2=" ">
         <marc:subfield code="a">NjP</marc:subfield>
         <marc:subfield code="c">PUL</marc:subfield>
         <marc:subfield code="d">PUL</marc:subfield>
      </marc:datafield>
      <marc:datafield tag="043" ind1=" " ind2=" ">
         <marc:subfield code="a">a-le---</marc:subfield>
      </marc:datafield>
      <marc:datafield tag="049" ind1=" " ind2=" ">
         <marc:subfield code="a">PULL</marc:subfield>
      </marc:datafield>
      <marc:datafield tag="050" ind1=" " ind2="4">
         <marc:subfield code="a">BL2775</marc:subfield>
         <marc:subfield code="b">.B399 1884</marc:subfield>
      </marc:datafield>
      <marc:datafield tag="079" ind1=" " ind2=" ">
         <marc:subfield code="a">ocm55762254</marc:subfield>
      </marc:datafield>
      <marc:datafield tag="245" ind1="0" ind2="3">
         <marc:subfield code="6">880-01</marc:subfield>
         <marc:subfield code="a">al-Bayyināt al-jalīyah ʻalá nifāq al-ṭughmah al-Yasūʻīyah.</marc:subfield>
      </marc:datafield>
      <marc:datafield tag="260" ind1=" " ind2=" ">
         <marc:subfield code="6">880-02</marc:subfield>
         <marc:subfield code="a">Bayrūt :</marc:subfield>
         <marc:subfield code="b">[s.n.],</marc:subfield>
         <marc:subfield code="c">1884-</marc:subfield>
      </marc:datafield>
      <marc:datafield tag="300" ind1=" " ind2=" ">
         <marc:subfield code="a">v. ;</marc:subfield>
         <marc:subfield code="c">22 cm.</marc:subfield>
      </marc:datafield>
      <marc:datafield tag="500" ind1=" " ind2=" ">
         <marc:subfield code="a">Cover t.p.</marc:subfield>
      </marc:datafield>
      <marc:datafield tag="650" ind1=" " ind2="0">
         <marc:subfield code="a">Christianity</marc:subfield>
         <marc:subfield code="x">Controversial literature.</marc:subfield>
      </marc:datafield>
      <marc:datafield tag="650" ind1=" " ind2="0">
         <marc:subfield code="a">Freemasonry</marc:subfield>
         <marc:subfield code="v">Controversial literature.</marc:subfield>
      </marc:datafield>
      <marc:datafield tag="650" ind1=" " ind2="0">
         <marc:subfield code="a">Christianity</marc:subfield>
         <marc:subfield code="z">Lebanon.</marc:subfield>
      </marc:datafield>
      <marc:datafield tag="856" ind1="4" ind2=" ">
         <marc:subfield code="u">http://catalog.hathitrust.org/Record/008897148</marc:subfield>
      </marc:datafield>
      <marc:datafield tag="880" ind1="0" ind2="2">
         <marc:subfield code="6">245-01/r</marc:subfield>
         <marc:subfield code="a">البينات الجلية على نفاق الطغمة اليسوعية.</marc:subfield>
      </marc:datafield>
      <marc:datafield tag="880" ind1=" " ind2=" ">
         <marc:subfield code="6">260-02/r</marc:subfield>
         <marc:subfield code="a">بيروت :</marc:subfield>
         <marc:subfield code="b">[s.n.]،</marc:subfield>
         <marc:subfield code="c">1884-</marc:subfield>
      </marc:datafield>
      <marc:datafield tag="856" ind1="4" ind2=" ">
         <marc:subfield code="u">http://hdl.handle.net/2027/njp.32101049222084</marc:subfield>
         <marc:subfield code="v">3 maqalah 1-2</marc:subfield>
      </marc:datafield>
      <marc:datafield tag="994" ind1=" " ind2=" ">
         <marc:subfield code="a">C0</marc:subfield>
         <marc:subfield code="b">PUL</marc:subfield>
      </marc:datafield>
      <marc:datafield tag="999" ind1=" " ind2=" ">
         <marc:subfield code="a">4177431</marc:subfield>
      </marc:datafield>
   </marc:record>
</marc:collection>
